<?xml version="1.0" encoding="UTF-8"?><collection xmlns="http://www.loc.gov/MARC21/slim"><record><leader>00417nam--2200121-i-4500</leader><controlfield tag="001">000000211</controlfield><controlfield tag="002">20161230</controlfield><controlfield tag="005">20161230201023</controlfield><controlfield tag="008">060222s1000------------r-----000-0-eng-d</controlfield><datafield ind1=" " ind2=" " tag="080"><subfield code="a">621.039</subfield></datafield><datafield ind1=" " ind2=" " tag="245"><subfield code="a">Fundamental nuclear energy research 1964.a special report of the united states atomic energy commission,held in december 1964</subfield></datafield><datafield ind1=" " ind2=" " tag="260"><subfield code="a">Washington, United States Atomic Energy Commission. Xiv + 299 P</subfield></datafield><datafield ind1=" " ind2=" " tag="852"><subfield code="a">24788</subfield></datafield></record></collection>